@BOOK{Gonzalez:2006:DIP:1076432,
 author={Gonzalez, Rafael C. and Woods, Richard E.},
 title={Digital Image Processing (3rd Edition)},
 year={2008},
 isbn={013168728X},
 publisher={Prentice-Hall, Inc.},
 address ={Upper Saddle River, NJ, USA},
}

@book{albovik,
author={Alan C. Bovik},
title={Handbook of Image and Video Processing (2nd Edition)},
year={2005},
isbn={0121197921, 978-0121197926},
publisher={Elsevier, Inc.},
address={Amsterdam},
}

@book{pitas2000digital,
  title={Digital image processing algorithms and applications},
  author={Pitas, Ioannis},
  year={2000},
  publisher={John Wiley \& Sons}
} 

@book{fundamentalsofmultimedia,
 author = {Li, Ze-Nian and Drew, Mark S. and Liu, Jiangchuan},
 title = {Fundamentals of Multimedia},
 year = {2014},
 isbn = {3319052896, 9783319052892},
 edition = {2nd},
 publisher = {Springer Publishing Company, Incorporated}
} 

@book{distribuidostanenbaum,
	author= {Andrew S. Tanenbaum and Maarten van Steen},
	title= {Distributed Systems : Principles and Paradigms},
	year= {2007},
	isbn = {978-85-7605-142-8},
	edition  = {2nd},
	publisher = {Pearson Education Inc.}
}

@book{coulouris,
	author= {George Coulouris and Jean Dollimore and Tim Kindberg and Gordon Blair},
	title= {Sistemas Distribuídos : Conceitos e Projeto},
	year= {2013},
	isbn = {978-0-13-214301-1},
	edition  = {5th},
	publisher = {Bookman}
}

@book{deza,
	author= {Michel Marie Deza and Elena Deza},
	title= {Encyclopedia of Distances},
	year= {2009},
	isbn = {978-3-642-00233-5},
	publisher = {Springer Berlin Heidelberg}
}

@book{fundamentalsofdigitalimageprocessing,
 author = {Jain, Anil K.},
 title = {Fundamentals of Digital Image Processing},
 year = {1989},
 isbn = {0-13-336165-9},
 publisher = {Prentice-Hall, Inc.},
 address = {Upper Saddle River, NJ, USA}
} 

@article{stone2001survey,
  title={A survey of color for computer graphics},
  author={Stone, Maureen},
  journal={Course at SIGGRAPH},
  pages={8--17},
  year={2001}
}

@book{thereproductionofcolor,
 title={The Reproduction of Colour (6rd Edition)},
 author={Hunt, R.W.G.},
 publisher={John Wiley, Sons, Ltd},
 isbn={9780470024270},
 doi={10.1002/0470024275.fmatter},
 booktitle={The Reproduction of Colour},
 year = {2005}
}

@book{berry1997data,
  title={Data mining techniques: for marketing, sales, and customer support},
  author={Berry, Michael J and Linoff, Gordon},
  year={1997},
  publisher={John Wiley \& Sons, Inc.}
}

@article{tuytelaars2008local,
  title={Local invariant feature detectors: a survey},
  author={Tuytelaars, Tinne and Mikolajczyk, Krystian and others},
  journal={Foundations and trends{\textregistered} in computer graphics and vision},
  volume={3},
  number={3},
  pages={177--280},
  year={2008},
  publisher={Now Publishers, Inc.}
}

@book{wyszecki2000color,
  title={Color Science: Concepts and Methods, Quantitative Data and Formulae},
  author={Wyszecki, G. and Stiles, W.S.},
  isbn={9780471399186},
  lccn={00709679},
  series={Wiley Series in Pure and Applied Optics},
  url={https://books.google.com/books?id=\_51HDcjWZPwC},
  year={2000},
  publisher={Wiley}
}

@book{boldrini,
  title={Álgebra Linear},
  author={José Luiz Boldrini and others},
  year={1986},
  edition={3rd},
  publisher={HARBRA EDITORA},
  address={Brazil},
  isbn={8529402022}
}

@inproceedings{Florin:2011:RAI:1991016.1991085,
 author = {Florin, Toadere and Arsinte, Radu and Mastorakis, Nikos E.},
 title = {Resolution Analysis of an Image Acquisition System},
 booktitle = {Proceedings of the 5th European Conference on European Computing Conference},
 series = {ECC'11},
 year = {2011},
 isbn = {978-960-474-297-4},
 location = {Paris, France},
 pages = {382--391},
 numpages = {10},
 url = {http://dl.acm.org/citation.cfm?id=1991016.1991085},
 acmid = {1991085},
 publisher = {World Scientific and Engineering Academy and Society (WSEAS)},
 address = {Stevens Point, Wisconsin, USA},
 keywords = {Bayer CFA, JPG, colors processing, dynamic range, photographic objective, pixel size},
}

@inproceedings{carvalho,
 author = {Francisco de A. T. de Carvalho and Yves Lechevallier and Renata M. C. R. {de Souza}},
 title = {{A Dynamic Cluster Algorithm Based on L$_r$ Distances for Quantitative Data}},
 year = {2004},
 booktitle = {Classification, Clustering, and Data Mining Applications},
 pages = {33--31},
 publisher = {Springer},
 address = {Berlin, Heidelberg},
}

@book{imageprocessinghandbook,
 author = {Russ, John C.},
 title = {The Image Processing Handbook, Sixth Edition},
 year = {2011},
 isbn = {1439840458, 9781439840450},
 edition = {6th},
 publisher = {CRC Press, Inc.},
 address = {Boca Raton, FL, USA}
} 

@inproceedings{hore2010image,
  title={Image quality metrics: PSNR vs. SSIM},
  author={Hore, Alain and Ziou, Djemel},
  booktitle={Pattern recognition (icpr), 2010 20th international conference on},
  pages={2366--2369},
  year={2010},
  organization={IEEE}
}
@article{huynh2008scope,
  title={Scope of validity of PSNR in image/video quality assessment},
  author={Huynh-Thu, Quan and Ghanbari, Mohammed},
  journal={Electronics letters},
  volume={44},
  number={13},
  pages={800--801},
  year={2008},
  publisher={IET}
}

@inproceedings{lalonde2005transforming,
  title={Transforming variables for normality and linearity—when, how, why and why not’s},
  author={LaLonde, Steven M},
  booktitle={SAS Conference Proceedings NESUG},
  pages={11--14},
  year={2005}
}

@techreport{box1981analysis,
  title={An Analysis of Transformations Revisited, Rebutted.},
  author={Box, GEP and Cox, DR},
  year={1981},
  institution={DTIC Document}
}

@book{Rehman:2002:LDP:579297,
 author = {Rehman and Paul, Christopher},
 title = {The  Linux Development Platform: Configuring, Usin and Mainting a Complete Programming Environment},
 year = {2002},
 isbn = {0130091154},
 publisher = {Prentice Hall Professional Technical Reference}
} 

@book{QtCreator,
year = {2016},
author = {QTCreator},
title = {version 4.0.3},
publisher = {The Qt Company.},
address = {Bertel Jungin aukio D3A,Finland}
}
@book{Stroustrup:2000:CPL:518791,
 author = {Stroustrup, Bjarne},
 title = {The  C++ Programming Language},
 year = {2000},
 isbn = {0201700735},
 edition = {3rd},
 publisher = {Addison-Wesley Longman Publishing Co., Inc.},
 address = {Boston, MA, USA}
} 

@book{Prata:2001:CPP:515923,
 author = {Prata, Stephen},
 title = {C++ Primer Plus (Fourth Edition)},
 year = {2001},
 isbn = {0672322234},
 edition = {4th},
 publisher = {Sams},
 address = {Indianapolis, IN, USA}
} 

@book{Aho:1986:CPT:6448,
 author = {Aho, Alfred V. and Sethi, Ravi and Ullman, Jeffrey D.},
 title = {Compilers: Principles, Techniques, and Tools},
 year = {1986},
 isbn = {0-201-10088-6},
 publisher = {Addison-Wesley Longman Publishing Co., Inc.},
 address = {Boston, MA, USA},
}

@book{Tanenbaum:2007:MOS:1410217,
 author = {Tanenbaum, Andrew S.},
 title = {Modern Operating Systems},
 year = {2007},
 isbn = {9780136006633},
 edition = {3rd},
 publisher = {Prentice Hall Press},
 address = {Upper Saddle River, NJ, USA}
}

@book{yousef,
	author = {Yousef Saad},
	year= {2011},
	isbn = {978-1-611970-72-2},
	edition = {2nd},
	publisher = {Society for Industrial and Applied Mathematics},
	title = {Numerical methods for large eigenvalue problems}
}

@article{Dagum:1998:OIA:615255.615542,
 author = {Dagum, Leonardo and Menon, Ramesh},
 title = {OpenMP: An Industry-Standard API for Shared-Memory Programming},
 journal = {IEEE Comput. Sci. Eng.},
 issue_date = {January 1998},
 volume = {5},
 number = {1},
 month = jan,
 year = {1998},
 issn = {1070-9924},
 pages = {46--55},
 numpages = {10},
 url = {http://dx.doi.org/10.1109/99.660313},
 doi = {10.1109/99.660313},
 acmid = {615542},
 publisher = {IEEE Computer Society Press},
 address = {Los Alamitos, CA, USA}
} 

@article{widrow,
 author = {Bernard Widrow},
 title={A Study of Rough Amplitude Quantization by Means of Nyquist Sampling Theory},
 journal = {IRE Transactions on Circuit Theory},
 issue_date = {December 1998},
 volume = {3},
 number = {4},
 month = dec,
 year = {1956},
 issn = {0096-2007},
 pages = {266-276},
 numpages = {10},
 url = {http://ieeexplore.ieee.org/document/1086334/},
 doi = {10.1109/TCT.1956.1086334},
 acmid = {615542},
 publisher = {IEEE Computer Society Press}
}

@article{eakins,
  title={Content-based image retrieval},
  author={Eakins, John and Graham, Margaret},
  year={1999},
  publisher={Education-line}
}

@inproceedings{singh2016meta,
  title={A meta-analysis on content based image retrieval system},
  author={Singh, Hardeep and Agrawal, Dheeraj},
  booktitle={Emerging Technological Trends (ICETT), International Conference on},
  pages={1--6},
  year={2016},
  organization={IEEE}
}

@inproceedings{hartvedt2010using,
  title={Using context to understand user intentions in Image retrieval},
  author={Hartvedt, Christian},
  booktitle={Advances in Multimedia (MMEDIA), 2010 Second International Conferences on},
  pages={130--133},
  year={2010},
  organization={IEEE}
}

@article{jain2011survey,
  title={A survey on: content based image retrieval systems using clustering techniques for large data sets},
  author={Jain, Monika and Singh, SK},
  journal={International Journal of Managing Information Technology},
  volume={3},
  number={4},
  pages={23},
  year={2011},
  publisher={Academy \& Industry Research Collaboration Center (AIRCC)}
}

@MISC{psnrcomparison,
    author = {{Todd Veldhuizen}},
    title = {Measures of image quality},
    year = {1998},
    note = {[Online; acessado em 02 de Outubro de 2016]},
    url = {http://homepages.inf.ed.ac.uk/rbf/CVonline/LOCAL_COPIES/VELDHUIZEN/node18.html}
}
@MISC{bilinearinterpolationgraph,
    author = {{Bocsika}},
    title = {Bilinear interpolation},
    year = {2009},
    note = {[Online; acessado em 05 de Outubro de 2016]},
    url = {https://commons.wikimedia.org/wiki/File:BilinearInterpolation.svg}
}

@MISC{leastsquaresfitting,
    author = {{Weisstein, Eric W}},
    title = {Least Squares Fitting},
    year = {2016},
    note = {[Online; acessado em 10 de Outubro de 2016]},
    url = {http://mathworld.wolfram.com/LeastSquaresFitting.html}
}

@MISC{onlinestatistics,
    author = {{David M. Lane1}},
    year = {2007},
    title = {Introduction to Statistics},
    note = {[Online; acessado em 10 de Outubro de 2016]},
    url = {http://onlinestatbook.com/2/index.html}
}
@MISC{imageprocessingdatabase,
    author = {{ImageProcessingPlace}},
    year = {2006},
    title = {Images Processing Database},
    note = {[Online; acessado em 01 de Outubro de 2016]},
    url = {http://www.imageprocessingplace.com/root_files_V3/image_databases.htm}
}

@MISC{ionicconcepts,
    author = {{Ionic Framework}},
    year = {2017},
    title = {Ionic Framework - Core Concepts},
    note = {[Online; acessado em 13 de Março de 2017]},
    url = {http://ionicframework.com/docs/v2/intro/concepts/}
}

@MISC{microsofttypescript,
    author = {{Microsoft}},
    year = {2017},
    title = {TypeScript README.md},
    note = {[Online; acessado em 13 de Março de 2017]},
    url = {https://github.com/Microsoft/TypeScript}
}

@MISC{leandro,
    author = {Leandro de Souza Carvalho},
    year = {2016},
    title = {Agrupamento e Regressão Linear de Dados Simbólicos Intervalares Baseados Em Novas Representações}
}

@MISC{montabone,
    author = {Sebastian Montabone},
    year = {2007},
    title = {Installing OpenCV 2.4.9 in Ubuntu 14.04 LTS},
    note = {[Online; acessado em 4 de Abril de 2017]},
    url = {http://www.samontab.com/web/}
}

@MISC{www,
    author = {W3C},
    year = {2004},
    title = {Architecture of the World Wide Web, Volume One},
    note = {[Online; acessado em 5 de Abril de 2017]},
    url = {https://www.w3.org/TR/webarch/}
}

@MISC{mdn,
    author = {{Mozilla Developer Network}},
    year = {2017},
    title = {Web technology for developers},
    note = {[Online; acessado em 6 de Abril de 2017]},
    url = {https://developer.mozilla.org/en-US/docs/Web}
}

@MISC{google,
    author = {{Google}},
    year = {2017},
    title = {From the garage to the Googleplex},
    note = {[Online; acessado em 6 de Abril de 2017]},
    url = {https://www.google.com/intl/en/about/our-story/}
}

@MISC{nms,
    author = {{Net Market Share}},
    year = {2017},
    title = {Desktop Search Engine Market Share},
    note = {[Online; acessado em 7 de Abril de 2017]},
    url = {https://www.netmarketshare.com/search-engine-market-share.aspx?qprid=4&qpcustomd=0&qpsp=2016&qpnp=2&qptimeframe=Y}
}

@misc{willrich,
	author = {Roberto Willrich},
	year= {2000},
	title = {Sistemas Multimídia Distribuídos}
}

@misc{ping,
	author = {Ping Zhang},
	year= {2009},
	title = {Iterative Methods for Computing Eigenvalues and Exponentials of Large Matrices}
}

@misc{google0,
	author = {{Google Imagens}},
	year= {2017a},
	note = {[Online; acessado em 2 de Maio de 2017},
	url = {https://www.google.com/search?safe=active&tbm=isch&q=tomate}
}

@misc{google1,
	author = {{Google Imagens}},
	year= {2017b},
	note = {[Online; acessado em 2 de Maio de 2017},
	url = {https://www.google.com/search?safe=active&tbm=isch&q=balao}
}

@misc{google2,
	author = {{Google Imagens}},
	year= {2017c},
	note = {[Online; acessado em 2 de Maio de 2017},
	url = {https://www.google.com/search?safe=active&tbm=isch&q=chaves}
}

@misc{google3,
	author = {{Google Imagens}},
	year= {2017d},
	note = {[Online; acessado em 2 de Maio de 2017},
	url = {https://www.google.com/search?safe=active&tbm=isch&q=lentilha}
}

@misc{google4,
	author = {{Google Imagens}},
	year= {2017e},
	note = {[Online; acessado em 2 de Maio de 2017},
	url = {https://www.google.com/search?safe=active&tbm=isch&q=casa}
}

@misc{google5,
	author = {{Google Imagens}},
	year= {2017f},
	note = {[Online; acessado em 2 de Maio de 2017},
	url = {https://www.google.com/search?safe=active&tbm=isch&q=gato}
}